2024 3245
363 147 412 184 14
630 156 783 185 ARKIV
812 148 906 186 Fore
935 158 1165 188 BOTANIK.
1226 159 1358 188 ΒΑΜ)
1392 148 1452 189 14.
1543 158 1623 188 Nzo
1654 148 1693 188 6.

358 255 606 305 dissimilis,
653 256 731 297 sed
777 257 1078 311 pubescentia
1109 260 1329 313 parciore,
1377 258 1542 299 foliolis
1574 258 1801 312 profunde
1830 272 1975 300 emar-

356 323 540 375 ginatis,
574 324 740 377 sepalis
770 324 874 378 plus
914 326 1125 367 minusve
1156 326 1334 368 obtusis
1366 331 1410 367 et
1443 325 1636 366 floribus
1666 325 1832 367 albidis
1865 327 1975 378 (non

355 389 513 441 flavis)
544 391 768 445 imprimis
798 392 971 434 differt..

777 558 863 602 Ox.
895 560 1116 612 hepatiea
1146 562 1375 603 NORLIND
1409 576 1450 602 n.
1486 574 1553 614 sp.

917 630 1059 662 Tabula
1084 635 1212 663 nostra
1238 632 1268 669 3,
1292 632 1354 672 fig.
1382 632 1410 662 3.

471 726 805 778 Trionz'astrum
821 727 893 781 (?).
933 728 1083 770 Caulis
1105 729 1368 778 herbaceus,
1394 742 1614 779 ramosus,
1634 729 1974 779 teretiusculus,

2008 0 2024 174 ἲ

2011 178 2024 305 1,

2010 315 2024 366 i

357 793 652 844 decumbens,
686 795 744 836 ad
776 795 920 836 nodos
951 796 1176 846 radicans,
1209 797 1365 849 glaber
1395 797 1468 837 vel
1495 797 1650 850 potius
1671 796 1974 850 glabrescens,
2020 838 2024 845 ,

354 862 859 915 purpureo-coloratus.
931 864 1060 905 Folia
1104 869 1301 911 ternata,
1350 863 1619 918 estipulata;
1667 863 1827 917 petioli
1863 868 1974 905 4—-8

357 931 480 973 (raro
513 943 658 983 usque
689 930 749 971 ad
782 932 850 982 11)
898 945 981 972 cm.
1015 931 1152 985 longi,
1187 932 1284 972 basi
1315 931 1550 972 articulati
1581 935 1629 972 et
1659 931 1721 972 ibi
1753 930 1857 985 pilis
1887 931 1977 972 his-

357 996 477 1050 pidis
522 997 736 1050 praediti,
785 1002 985 1038 ceterum
1031 998 1369 1051 glabrescentes
1415 1003 1460 1039 et
1491 998 1594 1051 plus
1625 999 1839 1039 minusve
1869 1012 1978 1052 pur-

357 1078 500 1117 pureo
533 1064 747 1114 colorati;
779 1064 935 1106 foliola
966 1066 1275 1114 subcoriacea,
1310 1065 1598 1118 petiolulata,
1631 1065 1724 1106 late
1754 1065 1979 1107 obovato-

358 1131 613 1172 obcordata
645 1133 800 1185 (saepe
829 1132 923 1173 fere
953 1131 1258 1183 orbicularia),
1298 1134 1425 1186 apice
1456 1138 1612 1174 retusa
1642 1132 1714 1173 vel
1745 1133 1979 1174 subemar-

357 1200 530 1252 ginata,
565 1198 660 1240 basi
694 1199 753 1240 ad
784 1200 1081 1240 insertionem
1114 1200 1306 1253 hispida,
1332 1204 1440 1240 2—:3
1472 1214 1558 1240 cm.
1586 1200 1734 1254 longa,
1758 1203 1867 1241 3—4
1889 1214 1976 1242 cm.

356 1268 468 1316 lata,
501 1266 758 1315 discoloria,
791 1281 928 1321 supra
960 1267 1246 1315 virescentha,
1280 1267 1541 1321 subglabra,
1574 1267 1740 1309 subtus
1762 1267 1977 1322 hepatico

356 1335 428 1376 vel
461 1340 801 1388 atropurpureo
846 1334 1062 1383 colorata,
1095 1334 1416 1388 glabriuscula‚
1451 1336 1653 1388 margine
1689 1339 1850 1376 contra
1880 1335 1977 1389 pal-

355 1403 446 1444 lide
492 1403 693 1444 virentia
738 1409 784 1443 et
829 1401 998 1443 ciliata.
1059 1402 1312 1442 Pedunculi
1357 1401 1583 1451 axillares,
1621 1401 1973 1455 glabrescentes,

357 1474 466 1512 2-3
512 1484 598 1511 0111.
630 1469 767 1523 longi,
814 1469 1053 1510 dimidium
1098 1469 1256 1522 petioli
1302 1470 1379 1510 vix
1423 1474 1677 1522 aequantes
1708 1468 1781 1510 Vel
1811 1483 1976 1523 parum

356 1543 645 1592 superantes,
679 1550 859 1591 cymam
891 1536 1290 1577 subdichotomam
1324 1536 1395 1577 vel
1428 1536 1823 1585 umbelliformem,
1848 1540 1976 1579 3—5-

355 1607 519 1647 floram
565 1609 792 1659 gerentes;
837 1603 1043 1658 pedicelli
1093 1608 1237 1651 1—1‚5
1287 1618 1370 1644 cm.
1405 1603 1541 1657 longi,
1581 1603 1762 1651 hirtelli,
1797 1603 1897 1645 basi
1927 1607 1974 1645 et

356 1673 508 1715 medio
539 1671 783 1713 bracteolis
814 1671 1051 1726 oppositis,
1086 1671 1251 1711 ciliatis
1292 1672 1472 1712 muniti.
1535 1670 1698 1724 Sepala
1728 1671 1832 1712 circ.
1865 1675 1975 1712 4—5

357 1755 463 1782 mm.
496 1741 646 1794 longa,
680 1738 1115 1787 ovato—lanceolata,
1150 1740 1368 1787 5—11ervia,
1416 1739 1546 1792 apice
1576 1742 1728 1787 acuta,
1762 1737 1898 1779 dorso
1928 1742 1977 1779 et

356 1809 560 1863 margine
607 1808 745 1848 dense
790 1807 981 1847 hirsuta.
1042 1805 1203 1846 Petala
1253 1810 1413 1847 10—12
1449 1819 1555 1848 mm.
1588 1805 1738 1859 longa,
1772 1805 1974 1859 calycem

355 1876 459 1931 plus
503 1875 644 1930 duplo
688 1874 957 1928 superantia
1003 1873 1169 1927 (colore
1217 1875 1386 1927 ignoto,
1430 1887 1537 1914 nam
1569 1874 1615 1913 in
1647 1871 1974 1926 speciminibus

355 1944 527 1985 nostris
571 1942 708 1983 flores
753 1940 1003 1989 emarcidi).
1065 1940 1218 1981 Flores
1260 1940 1526 1994 microstyli.
1590 1939 1850 1982 Staminum
1879 1939 1976 1980 lon-

357 2012 534 2065 giorum
580 2009 821 2050 filamenta
865 2007 1097 2057 edentula,
1144 2007 1304 2061 pilosa,
1352 2008 1615 2049 breviorum
1661 2020 1770 2047 vero
1799 2005 1974 2060 glabra.

357 2078 476 2133 Styli
520 2092 546 2118 a
592 2078 689 2118 basi
736 2089 879 2129 usque
923 2075 982 2116 ad
1028 2075 1228 2116 medium
1274 2075 1364 2123 (vel
1410 2075 1548 2125 ultra)
1597 2074 1798 2122 connati,
1844 2073 1975 2128 apice

355 2146 501 2195 liberi,
549 2145 807 2193 divaricati,
856 2143 1034 2192 hirsuti,
1081 2143 1127 2183 in
1173 2143 1496 2196 speciminibus
1541 2142 1710 2183 nostris
1756 2145 1864 2184 3—-4
1895 2142 1974 2192 (an

357 2213 549 2254 abortus
579 2213 785 2262 causa3);
819 2211 1037 2264 stigmata
1069 2210 1384 2263 subcapitata3
1419 2209 1558 2250 ovula
1584 2209 1630 2249 in
1652 2207 1810 2249 loculis
1832 2207 1978 2248 ovarii

360 2279 553 2333 singula.
615 2277 811 2332 Capsula
842 2282 889 2318 et
919 2277 1092 2318 semina-
1123 2277 1292 2329 ignota.

470 2347 694 2389 Brasiliae
725 2346 841 2386 civit.
874 2344 1089 2385 Parana
1122 2344 1185 2393 (in
1217 2343 1546 2397 altoplanitie):
1594 2341 1881 2396 Itaperussu,
1915 2340 1976 2382 ad

356 2415 609 2468 marginem
639 2412 845 2460 silvulae,
878 2411 961 2465 leg.
994 2411 1043 2451 P.
1075 2409 1263 2460 Dnsfix,
1301 2415 1362 2451 18.
1401 2416 1464 2452 11.
1502 2414 1621 2459 1908,
1654 2409 1740 2450 sub
1772 2408 1975 2451 numeris

358 2484 482 2527 7073,
516 2484 638 2523 7140.

469 2549 649 2590 Habitu
693 2552 740 2589 et-
783 2547 991 2601 plurimis
1036 2546 1159 2587 notis
1205 2545 1281 2586 Ox.
1330 2546 1534 2598 bifrontis
1578 2545 1724 2586 PRoG.
1769 2545 1974 2598 proxime

357 2617 512 2658 affinis
543 2629 640 2657 esse
671 2614 871 2663 videtur,
904 2613 983 2654 sed
1014 2612 1163 2654 colore
1192 2626 1424 2666 purpureo
1451 2618 1498 2653 et
1528 2611 1861 2666 glabrescentia
1881 2610 1976 2651 fere

357 2684 504 2725 totius
534 2682 737 2737 plantae,
769 2679 954 2735 petiolis
984 2679 1086 2734 plus
1117 2679 1260 2733 duplo
1297 2679 1577 2733 longioribus
1607 2683 1653 2720 et
1685 2677 1852 2719 foliolis
1883 2689 1977 2717 ma-

357 2750 534 2804 joribus
563 2748 690 2790 haud
719 2746 952 2789 sessilibus
981 2746 1226 2800 praecipue
1257 2745 1435 2795 differt;
1474 2745 1532 2786 ob
1563 2757 1803 2786 numerum
1833 2742 1975 2797 stylo-

357 2831 459 2858 rum
490 2829 600 2857 vero
634 2817 776 2867 (3—4,
811 2827 902 2855 non
933 2814 976 2865 5)
1009 2812 1143 2854 valde
1174 2811 1414 2866 peculiaris
1445 2817 1491 2853 et
1518 2811 1669 2865 quoad
1693 2810 1975 2852 affinitatem

357 2884 514 2926 dubia.
