2024 3245
335 140 387 179 62
606 147 757 177 ARKIV
787 137 881 176 an
911 147 1141 176 BOTANIK.
1202 147 1333 176 BAND
1365 133 1427 176 14.
1487 134 1576 175 N:o
1607 134 1675 177 21.

602 247 654 288 A.
687 246 763 288 CL.
796 246 896 300 gibt
940 247 987 287 in
1031 246 1144 288 Lule
1185 247 1377 300 Lappm.
1411 259 1453 300 p.
1490 250 1555 295 36,
1593 249 1642 287 16
1672 246 1871 288 Streifen
1902 248 1949 288 in

468 318 558 363 0‚01
598 327 702 354 mm.
736 314 810 354 fiir
839 313 962 354 diese
989 314 1074 355 Art
1095 327 1166 356 an.
1213 313 1343 354 Naoh
1366 313 1417 354 V.
1442 312 1500 353 H.
1534 312 1560 355 l.
1585 326 1622 354 0.
1646 312 1788 354 Sollen
1811 317 1946 356 9—13

468 381 667 423 Streifen
697 381 742 421 in
774 384 866 430 0‚01
904 395 1008 422 mm.
1042 381 1357 421 vorkommen.

333 462 382 503 F.
416 461 710 503 crotonensis
743 459 916 510 (EDW.)
948 458 1085 500 ΚΙΤΤ.
1116 483 1170 487 ——
1200 459 1253 499 V.
1287 458 1422 511 H.'p.
1459 461 1549 499 156.
1582 457 1788 500 Senem&
1821 458 1945 500 Diat.

535 526 683 567 Germ.
718 525 782 567 Pl.
818 530 854 575 3,
888 525 983 580 Fig.
1018 530 1110 568 335.

601 592 756 635 Selten
786 593 833 633 in
864 592 1020 646 Gevej.

332 675 378 716 F.
413 677 692 716 construens
717 672 878 724 (ΕΗΒ.)
910 672 1067 713 GRUN.
1088 671 1209 712 —V.
1233 671 1291 712 H.
1325 684 1368 723 p.
1395 674 1486 720 156,
1520 670 1586 712 Pl.
1610 670 1749 722 XLV,
1775 675 1828 714 26
1845 686 1881 722 c,
1900 672 1945 714 d.

600 739 774 793 Hffiufig
804 740 849 780 in
883 736 932 779 O.
964 739 1106 788 Norn,
1140 738 1285 779 selten
1317 738 1363 777 in
1395 736 1530 778 Gren.
1563 737 1737 780 Boden.

334 841 442 846 —-—
468 831 564 859 var.
595 823 764 861 venter
796 817 953 859 GRUN.
987 841 1038 847 —-
1071 817 1122 858 V.
1156 816 1214 857 H.
1247 815 1388 865 XLV,
1422 819 1475 857 26
1506 830 1546 865 a,
1580 816 1624 858 b.

601 884 756 926 Selben
786 885 830 925 in
861 884 1075 937 Niagara.

333 988 442 991 ——
467 977 562 1005 var.
595 966 792 1019 bigibba
821 963 875 1005 A.
907 964 982 1006 CL.
1016 987 1067 991 ——
1099 963 1150 1003 A.
1185 962 1260 1003 CL.
1294 961 1405 1002 Lule
1436 962 1627 1017 Lappm.
1662 962 1725 1004 Pl.
1750 963 1786 1013 Ι,
1821 967 1886 1005 28.

601 1030 794 1072 Schalen
829 1035 878 1072 16
902 1045 927 1084 μ,
948 1030 1067 1084 lang,
1098 1035 1121 1071 5
1146 1044 1171 1084 μ.
1190 1029 1320 1071 breit.
1355 1029 1554 1071 Streifen
1579 1034 1629 1071 16
1650 1031 1695 1071 in
1718 1033 1810 1079 0‚01
1837 1044 1944 1072 mm.

600 1097 711 1140 Sehr
741 1098 887 1139 selten
919 1099 964 1138 in
997 1098 1132 1138 Gren.
1166 1096 1261 1137 und
1293 1096 1449 1149 Gevsj.

332 1179 381 1220 F.
413 1179 656 1221 mutabilis
689 1176 775 1228 (W.
808 1176 911 1227 SM.)
943 1176 1100 1217 GRUN.
1134 1202 1186 1206 —
1217 1175 1270 1216 V.
1304 1175 1363 1217 H.
1397 1189 1438 1228 p.
1477 1179 1569 1224 157,
1602 1174 1667 1217 Pl.
1701 1175 1842 1226 XLV,
1879 1180 1942 1219 12.

602 1244 716 1285 Eine
746 1244 848 1285 sehr
878 1243 1027 1284 kleine
1058 1244 1209 1292 Fmrm,
1244 1246 1352 1283 8—-9
1384 1256 1411 1296 μ
1442 1242 1562 1296 lang,
1595 1246 1747 1292 4,5——5
1779 1257 1807 1297 μ
1829 1243 1950 1285 1)Γ6ίῒ,

466 1312 550 1352 mit
582 1315 719 1352 9—10
750 1311 945 1353 Streifen
976 1311 1021 1351 in
1052 1315 1143 1360 0‚01
1181 1324 1287 1351 mm.
1320 1309 1499 1351 kommss
1529 1309 1675 1352 seiten
1706 1311 1754 1351 in
1774 1311 1944 1365 Tegef„

468 1379 652 1428 Ristaf„
686 1378 840 1431 Gevsj.
873 1378 968 1419 und
999 1377 1247 1419 Hummeln
1280 1391 1377 1419 vor.

332 1459 381 1500 F.
415 1459 627 1511 elliptica
656 1457 840 1498 SCHUM.
874 1481 925 1485 -
957 1457 1009 1498 V.
1043 1456 1101 1498 H.
1135 1456 1275 1505 XLV,
1313 1460 1375 1496 15.

600 1523 754 1578 Lange
776 1527 934 1564 11-12
950 1538 990 1577 μ,
1011 1524 1165 1564 Breibe
1182 1526 1290 1566 6—7
1308 1538 1346 1577 μ.
1371 1522 1569 1565 Streifen
1591 1526 1640 1563 12
1658 1523 1703 1563 in
1720 1526 1811 1573 0‚01
1836 1537 1943 1565 mm.

599 1590 754 1632 Selten
785 1592 831 1631 in
863 1591 997 1632 Gren.

329 1672 377 1713 F.
411 1671 680 1713 Harrisonii
714 1668 798 1721 (W.
832 1668 933 1720 SM.)
967 1670 1123 1711 GRUN.
1158 1693 1209 1697 -—
1240 1669 1293 1711 V.
1329 1670 1385 1710 H.
1419 1668 1559 1719 XLV,
1594 1673 1660 1712 28.

599 1735 794 1777 Streifen
829 1740 852 1776 8
883 1737 929 1777 in
960 1740 1049 1785 0‚01
1088 1750 1194 1778 mm.

599 1803 711 1845 Sehr
742 1803 887 1844 selten
918 1804 964 1844 in
995 1804 1150 1857 Gevsj.

595 1870 725 1912 Naeh
757 1870 940 1911 DIPPEL
970 1872 1015 1911 in
1047 1870 1342 1912 Rhein-Main
1376 1870 1500 1912 Diat.
1524 1884 1567 1925 p.
1596 1874 1645 1912 10
1666 1869 1799 1911 sollte
1820 1869 1943 1911 diese

461 1938 547 1978 Art
578 1941 687 1978 4—-5
719 1936 915 1979 Streifen
937 1939 983 1979 in
1013 1942 1104 1987 0‚01
1132 1952 1240 1979 mm.
1264 1938 1430 1986 haben,
1453 1952 1546 1979 was
1567 1937 1687 1979 doch
1708 1937 1838 1979 nicht
1858 1937 1944 1978 mit

463 2004 542 2045 der
573 2004 837 2058 Abbildung
868 2004 1089 2046 D11‘PEL’S
1121 2007 1312 2054 stimmt,
1343 2019 1412 2046 wo
1433 2005 1506 2046 die
1528 2004 1723 2047 Streifen
1746 2005 1828 2046 wie
1849 2003 1947 2046 hier

465 2075 489 2112 8
521 2072 566 2112 in
598 2075 688 2120 0‚01
726 2085 832 2113 mm.
865 2072 981 2113 sind.

961 2239 1191 2283 Meridion
1223 2240 1307 2282 AG.

332 2341 396 2382 M.
430 2340 662 2383 circulare
694 2338 779 2379 AG.
812 2363 865 2367 —
895 2340 948 2381 V.
983 2342 1037 2382 H.
1070 2355 1113 2394 p.
1152 2345 1242 2390 161,
1277 2340 1342 2383 Pl.
1374 2340 1450 2389 LI,
1487 2342 1661 2381 10—12.

598 2405 772 2460 Haufig
816 2407 862 2447 in
909 2407 1016 2449 Dus.
1063 2408 1238 2458 Brunn,
1287 2407 1433 2449 selben
1477 2407 1522 2448 in
1555 2406 1706 2456 Creu„
1743 2405 1870 2447 Bach
1902 2405 1942 2446 b.

466 2472 619 2526 Gevsj.
653 2472 749 2513 und
780 2473 995 2526 Niagara.

882 2630 1103 2672 Diatoma
1135 2630 1208 2672 DE
1239 2631 1388 2672 CAND.

332 2731 387 2772 D.
420 2730 620 2772 hiemale
653 2728 880 2779 (LYNGB.)
913 2729 1056 2771 HmB.
1090 2754 1142 2759 —
1174 2730 1226 2772 V.
1259 2730 1320 2772 H.
1353 2744 1396 2784 p.
1433 2733 1525 2779 160,
1558 2728 1624 2769 Pl.
1655 2727 1731 2778 LI,
1767 2730 1888 2769 1—2.

600 2794 793 2836 Schalen
825 2795 892 2837 bis
924 2801 975 2837 80
1008 2812 1036 2850 μ
1066 2797 1185 2851 lang,
1219 2798 1303 2839 mit
1338 2801 1498 2838 14—18
1531 2796 1715 2850 Rippen
1748 2796 1874 2846 (3—4
1899 2794 1947 2835 in

466 2865 555 2911 0‚01
594 2864 735 2914 mm.).

600 2929 772 2982 Haufig
803 2930 849 2969 in
882 2929 1064 2979 Ristaf„
1097 2930 1242 2972 selben
1273 2931 1319 2971 in
1351 2930 1478 2971 Bach
1509 2929 1553 2970 b.
1585 2927 1742 2980 Gevsj.
