2024 3245
224 134 485 179 KRXNZLIN,
520 141 865 171 ORCHIDACEAE
897 140 1137 177 QUAEDAM
1170 140 1506 170 AMERICANAE.
1650 133 1674 171 3

53 244 344 286 kiimmerten
385 242 522 284 Form
564 242 713 284 dieser
755 241 902 283 Arten
944 255 999 282 zu
1036 241 1176 282 reden
1213 241 1324 295 geht
1354 240 1484 282 nicht
1515 255 1589 290 an,
1623 240 1684 282 da

52 311 138 354 alle
168 310 444 366 Exemplare
477 311 532 361 (c.
568 312 638 361 25)
670 309 904 351 dieselben
937 308 1188 350 Merkmale
1221 310 1416 363 zeigten.

164 446 440 490 Habenaria
476 446 726 489 Bradeana
776 445 993 486 KRA'NZL.
1041 459 1085 486 n.
1133 459 1203 500 sp.
1249 468 1302 473 —--
1346 444 1681 497 [Quadratae?].

51 514 321 557 Tuberidia?
384 514 582 555 Radices
613 515 841 568 copiosae,
874 513 1014 555 dense
1051 512 1255 554 villosae.
1303 512 1455 554 Caulis
1486 512 1682 566 gracilis,

52 596 155 625 cum
187 582 532 623 inflorescentia
563 581 622 623 ad
653 586 706 623 65
737 595 807 622 cm
830 580 968 628 altus,
994 580 1136 622 abasi
1154 580 1279 622 ultra
1296 580 1538 621 dimidium
1555 580 1683 621 folia—

53 655 143 692 tus.
205 649 333 690 Folia
371 650 496 700 (circ.
548 652 616 700 12)
667 650 809 690 etiam
852 648 1013 690 infima·
1058 649 1172 690 satis
1215 662 1375 703 parva,
1409 647 1682 697 lanceolata,

52 722 204 766 acuta,
237 730 434 771 superne
465 717 633 758 sensim
665 718 711 758 in
743 716 955 758 bracteas
987 715 1314 763 decrescentia,
1338 716 1538 757 maxima
1561 716 1684 769 (par-

51 785 136 827 tim
165 784 425 835 destructa)
458 784 514 826 ad
549 789 573 825 6
606 798 692 834 cm,
725 784 944 839 pleraque
974 787 998 824 3
1031 783 1090 825 ad
1122 788 1147 824 4
1178 797 1250 825 cm
1281 784 1431 838 longa,
1468 787 1486 824 l
1521 783 1580 824 ad
1616 788 1679 831 l,5

51 866 122 894 cm
152 852 263 894 lata.
319 852 456 907 Spica
488 854 602 894 satis
635 852 860 902 laxiflora‚
898 856 947 894 12
979 866 1049 893 cm
1081 852 1232 906 longa,
1267 852 1407 906 pluri·
1438 851 1496 892 ad
1529 851 1683 892 multi-

55 919 173 962 flora
205 922 278 972 (20
308 921 368 961 ad
401 925 487 972 30),
521 920 736 962 bracteae
768 920 1233 969 ovato-lanceolatae,
1258 925 1423 961 acutae
1445 933 1489 960 V.
1513 920 1684 960 acumi-

52 992 190 1030 natae
221 988 280 1029 ad
314 991 337 1029 2
369 1002 439 1029 cm
471 988 646 1043 longae,
681 988 781 1029 basi
812 988 871 1029 ad
903 993 927 1030 5
959 988 1019 1029 ad
1052 991 1074 1031 7
1108 1001 1199 1028 mm
1236 987 1375 1037 latae,
1406 987 1565 1028 ovaria
1587 987 1683 1040 jam

51 1055 137 1097 sub
194 1055 376 1097 anthesi
422 1055 726 1097 crassiuscula
757 1060 1016 1110 aequantes
1062 1069 1107 1097 v.
1154 1054 1342 1110 paulum
1394 1059 1682 1108 superantes.

49 1122 266 1178 Sepalum
296 1123 478 1165 dorsale
509 1123 782 1173 orbiculare,
814 1123 1050 1177 profunde
1083 1122 1383 1171 cucullatum,
1417 1128 1441 1163 5
1469 1136 1561 1163 mm
1584 1122 1681 1163 lon-

49 1204 156 1245 gum
187 1196 234 1232 et
265 1191 433 1240 latum;
468 1191 621 1245 sepala
656 1191 882 1240 lateralia,
916 1190 1301 1245 rectangulariter
1330 1190 1543 1244 patentia
1575 1189 1679 1231 sub-

48 1257 251 1312 obliqua,
286 1257 486 1313 oblonga
518 1260 574 1308 (si
606 1260 755 1300 mavis
777 1258 1038 1310 dimidiata)
1062 1258 1244 1308 obtusa,
1268 1257 1453 1312 apiculo
1475 1259 1522 1299 in
1544 1257 1680 1299 dorso

49 1327 326 1381 postposito,
375 1331 399 1368 5
444 1340 538 1367 mm
585 1326 735 1379 longa,
783 1330 806 1367 3
844 1340 937 1367 mm
969 1326 1080 1368 lata.
1141 1325 1305 1367 Petala
1346 1325 1441 1366 late
1471 1325 1676 1375 linearia,

49 1397 178 1448 apice
224 1394 374 1435 brevi·
420 1393 677 1448 obtuseque
720 1394 1184 1448 triangulo-acutata,
1233 1394 1333 1435 basi
1364 1393 1504 1434 dente
1535 1392 1680 1442 brevi,

48 1461 306 1509 falciformi,
339 1467 479 1504 acuto
510 1462 736 1516 praedita,
771 1475 911 1516 quam
942 1461 1148 1516 sepalum
1171 1461 1350 1503 dorsale
1371 1476 1398 1502 a
1421 1474 1513 1515 quo
1534 1460 1681 1502 libera

49 1529 191 1584 duplo
237 1530 463 1579 breviora,
518 1535 535 1571 1
581 1530 641 1571 ἃᾶ
691 1534 752 1580 l,5
804 1544 896 1571 mm
942 1529 1051 1572 lata.
1112 1529 1287 1571 Labelli
1333 1529 1426 1570 lobi
1464 1529 1681 1571 laterales

50 1597 321 1647 brevissimi,
354 1598 562 1647 lineares,
596 1598 728 1639 lobus
760 1597 1061 1639 intermedius
1090 1597 1288 1647 linearis,
1322 1598 1452 1652 apice
1484 1596 1683 1638 obtusus

48 1669 73 1706 8
120 1679 212 1706 mm
258 1665 436 1720 longus,
483 1665 707 1715 deflexus,
756 1665 906 1706 calcar
951 1665 1231 1719 dependens,
1280 1679 1365 1719 pro
1410 1665 1525 1706 flore
1568 1665 1682 1705 satis

50 1745 269 1783 crassum,
303 1733 533 1782 filifcrme,
557 1734 733 1787 apicem
757 1746 918 1774 versus
940 1732 1167 1774 levissime
1190 1732 1421 1780 inflatum,
1445 1732 1680 1781 obtusum,

53 1803 115 1850 1‚2
164 1800 225 1841 ad
274 1805 335 1850 l,5
386 1815 457 1842 cm
502 1801 704 1855 longum,
753 1801 964 1842 ovarium
1010 1814 1102 1842 non
1145 1814 1366 1854 aequans.
1434 1800 1680 1842 Processus

48 1868 296 1922 stigmatici
341 1869 624 1918 crassissimi,
669 1868 855 1918 deflexi,
889 1868 1114 1910 antherae
1147 1868 1330 1909 canales
1362 1869 1544 1918 arrecti,
1578 1867 1681 1922 plus

47 1934 189 1990 duplo
234 1936 477 1990 longiores.
540 1936 696 1977 Flores
741 1936 942 1985 viriduli,
990 1936 1147 1990 petala
1178 1940 1226 1977 et
1255 1935 1470 1978 labellum
1503 1935 1681 1977 luteoli.

52 2026 101 2031 —
131 2003 199 2045 Fl.
234 2004 415 2045 Martio

161 2072 379 2115 Brasilia.
440 2071 495 2112 In
540 2072 667 2113 civit.
716 2070 804 2114 Sao
835 2071 995 2121 Paulo,
1029 2071 1139 2112 Alto
1169 2071 1229 2112 da
1262 2070 1409 2120 Serra,
1442 2070 1611 2112 silvula
1632 2071 1679 2111 in

49 2149 213 2192 campo
245 2139 439 2190 (BRADE
469 2139 528 2180 N.
562 2139 728 2189 61991).

161 2273 492 2326 Epidendrum
537 2275 841 2319 Bradeanum
888 2275 1104 2316 KRJALNZL.
1153 2289 1197 2316 n.
1246 2288 1290 2329 p.
1323 2298 1376 2303 -—
1409 2274 1680 2327 [Euepiden-

47 2339 189 2390 drum,
233 2341 524 2384 Schistochila
554 2342 855 2394 tuberculata}
890 2367 941 2372 —
975 2342 1172 2383 Radices
1203 2355 1288 2396 pro
1318 2341 1483 2396 planta
1513 2355 1680 2395 magna

48 2419 200 2461 neque
237 2410 449 2462 copiosae
480 2423 632 2463 neque
662 2423 858 2451 crassae.
921 2409 1074 2451 Cauiis
1107 2413 1158 2452 75
1190 2423 1261 2450 cm
1291 2409 1415 2452 altus
1447 2424 1491 2450 v.
1525 2408 1676 2458 altior,

49 2473 242 2525 validus,
287 2490 483 2526 crassus,
529 2478 642 2518 satis
684 2477 825 2518 dense
863 2477 1066 2526 foliatus,
1100 2476 1364 2518 internodia
1395 2491 1534 2531 quam
1565 2476 1677 2518 folia

48 2540 272 2592 breviora,
318 2547 342 2584 2
385 2543 445 2585 ἃᾶ
489 2547 554 2593 2,5
601 2558 673 2586 cm
715 2545 867 2599 longa.
929 2544 1058 2586 Folia
1089 2545 1194 2586 circ.
1232 2549 1281 2586 16
1313 2544 1677 2597 ovato-oblonga

50 2607 322 2664 oblongave‚
342 2610 511 2652 obtusa
533 2626 578 2653 v.
602 2613 732 2666 apice
755 2611 976 2661 bilobula,
1000 2626 1155 2653 crassa
1176 2625 1461 2666 carnosaque
1478 2613 1678 2653 exsicca-

49 2676 173 2718 tione.
217 2678 539 2731 nigrescentia,
587 2679 1071 2734 semiamplexicaulia,
1119 2684 1144 2720 4
1174 2679 1233 2721 ad
1265 2685 1330 2729 5,5
1366 2693 1437 2721 cm
1467 2679 1618 2734 longa,
1652 2683 1676 2720 2

47 2742 105 2784 ad
137 2747 202 2793 2,5
237 2759 309 2786 cm
339 2745 457 2796 lata;
490 2760 598 2801 pars
629 2760 844 2801 suprema
876 2747 1019 2788 caulis
1051 2748 1231 2801 vaginis
1252 2747 1534 2796 arctissimis,
1557 2746 1676 2788 albis

49 2812 262 2862 vestit-us,
309 2818 512 2854 ceterum
549 2813 779 2867 aphyllus.
839 2813 1070 2855 Racemus
1116 2827 1198 2868 pro
1241 2813 1404 2868 planta
1435 2814 1602 2864 brevis,
1636 2828 1673 2855 c.

49 2879 74 2916 4
118 2891 189 2920 cm
232 2879 409 2934 longus,
455 2880 754 2934 pauciflorus,
807 2881 1023 2923 bracteae
1071 2881 1262 2923 infimae
1308 2895 1447 2935 quam
1495 2886 1675 2923 ceterae

50 2945 196 2988 multo
243 2948 457 3000 majores,
504 2948 639 3003 longe
685 2950 993 2999 acuminatae,
1025 2949 1273 3003 pleraeque
1302 2963 1490 3004 parvae,
1525 2954 1549 2989 4
1580 2962 1674 2990 mm
